%% some example references

@article{ref1,
	title={Automatic test-based assessment of programming: A review},
	author={Douce, Christopher and Livingstone, David and Orwell, James},
	journal={Journal on Educational Resources in Computing (JERIC)},
	volume={5},
	number={3},
	pages={4--es},
	year={2005},
	publisher={ACM New York, NY, USA}
}

@article{ref2,
  title={Lowering the barriers to programming: A taxonomy of programming environments and languages for novice programmers},
  author={Kelleher, Caitlin and Pausch, Randy},
  journal={ACM Computing Surveys (CSUR)},
  volume={37},
  number={2},
  pages={83--137},
  year={2005},
  publisher={ACM New York, NY, USA}
}

@incollection{ref3,
  title={A multi-national, multi-institutional study of assessment of programming skills of first-year CS students},
  author={McCracken, Michael and Almstrum, Vicki and Diaz, Danny and Guzdial, Mark and Hagan, Dianne and Kolikant, Yifat Ben-David and Laxer, Cary and Thomas, Lynda and Utting, Ian and Wilusz, Tadeusz},
  booktitle={Working group reports from ITiCSE on Innovation and technology in computer science education},
  pages={125--180},
  year={2001}
}

@inproceedings{ref4,
  title={Instructional design of a programming course: a learning theoretic approach},
  author={Caspersen, Michael E and Bennedsen, Jens},
  booktitle={Proceedings of the third international workshop on Computing education research},
  pages={111--122},
  year={2007}
}

@article{ref5,
  title={Failure rates in introductory programming},
  author={Bennedsen, Jens and Caspersen, Michael E},
  journal={AcM SIGcSE Bulletin},
  volume={39},
  number={2},
  pages={32--36},
  year={2007},
  publisher={ACM New York, NY, USA}
}

@inproceedings{ref6,
  title={Codewebs: scalable homework search for massive open online programming courses},
  author={Nguyen, Andy and Piech, Christopher and Huang, Jonathan and Guibas, Leonidas},
  booktitle={Proceedings of the 23rd international conference on World wide web},
  pages={491--502},
  year={2014}
}

@article{ref7,
  title={Focus on formative feedback},
  author={Shute, Valerie J},
  journal={Review of educational research},
  volume={78},
  number={1},
  pages={153--189},
  year={2008},
  publisher={Sage Publications}
}
@article{ref8,
  title={The power of feedback},
  author={Hattie, John and Timperley, Helen},
  journal={Review of educational research},
  volume={77},
  number={1},
  pages={81--112},
  year={2007},
  publisher={Sage Publications Sage CA: Thousand Oaks, CA}
}
@incollection{ref9,
  title={What is the problem with feedback?},
  author={Boud, David and Molloy, Elizabeth},
  booktitle={Feedback in higher and professional education},
  pages={1--10},
  year={2012},
  publisher={Routledge}
}
@article{ref10,
  title={Focus on formative feedback},
  author={Shute, Valerie J},
  journal={Review of educational research},
  volume={78},
  number={1},
  pages={153--189},
  year={2008},
  publisher={Sage Publications}
}
@article{ref11,
  title={Effective tutoring techniques: A comparison of human tutors and intelligent tutoring systems},
  author={Merrill, Douglas C and Reiser, Brian J and Ranney, Michael and Trafton, J Gregory},
  journal={The Journal of the Learning Sciences},
  volume={2},
  number={3},
  pages={277--305},
  year={1992},
  publisher={Taylor \& Francis}
}
@inproceedings{ref12,
  title={Static analysis of students' Java programs},
  author={Truong, Nghi and Roe, Paul and Bancroft, Peter},
  booktitle={Proceedings of the Sixth Australasian Conference on Computing Education-Volume 30},
  pages={317--325},
  year={2004}
}
@inproceedings{ref13,
  title={Mutation-driven generation of unit tests and oracles},
  author={Fraser, Gordon and Zeller, Andreas},
  booktitle={Proceedings of the 19th international symposium on Software testing and analysis},
  pages={147--158},
  year={2010}
}
@inproceedings{ref14,
  title={Is mutation testing ready to be adopted industry-wide?},
  author={Mo{\v{z}}ucha, Jakub and Rossi, Bruno},
  booktitle={International Conference on Product-Focused Software Process Improvement},
  pages={217--232},
  year={2016},
  organization={Springer}
}
@inproceedings{ref15,
  title={Pit: a practical mutation testing tool for java},
  author={Coles, Henry and Laurent, Thomas and Henard, Christopher and Papadakis, Mike and Ventresque, Anthony},
  booktitle={Proceedings of the 25th international symposium on software testing and analysis},
  pages={449--452},
  year={2016}
}
@article{ref16,
  title={Fast and accurate incremental feedback for studentsâ€™ software tests using selective mutation analysis},
  author={Kazerouni, Ayaan M and Davis, James C and Basak, Arinjoy and Shaffer, Clifford A and Servant, Francisco and Edwards, Stephen H},
  journal={Journal of Systems and Software},
  volume={175},
  pages={110905},
  year={2021},
  publisher={Elsevier}
}
@article{ref17,
  title={Towards incremental mutation testing},
  author={Cachia, Mark Anthony and Micallef, Mark and Colombo, Christian},
  journal={Electronic Notes in Theoretical Computer Science},
  volume={294},
  pages={2--11},
  year={2013},
  publisher={Elsevier}
}
@phdthesis{ref18,
  title={Automated Feedback Generation for Programming Assignments},
  author={Haldeman, Georgiana},
  year={2021},
  school={Rutgers The State University of New Jersey, School of Graduate Studies}
}
@book{ref19,
  title={Plant microbe interface},
  author={Varma, Ajit and Tripathi, Swati and Prasad, Ram},
  year={2019},
  publisher={Springer}
}
@inproceedings{ref20,
  title={Automated unit test generation for python},
  author={Lukasczyk, Stephan and Kroi{\ss}, Florian and Fraser, Gordon},
  booktitle={International Symposium on Search Based Software Engineering},
  pages={9--24},
  year={2020},
  organization={Springer}
}
@inproceedings{ref21,
  title={CALR mutation  Testing.com},
  booktitle={Accessed: December 30, 2022},
  year={2020},
  organization={Springer}
}

@article{ref22,
  title={A decade of code comment quality assessment: A systematic literature review},
  author={Rani, Pooja and Blasi, Arianna and Stulova, Nataliia and Panichella, Sebastiano and Gorla, Alessandra and Nierstrasz, Oscar},
  journal={Journal of Systems and Software},
  pages={111515},
  year={2022},
  publisher={Elsevier}
}
@inproceedings{ref23,
  title={Providing test quality feedback using static source code and automatic test suite metrics},
  author={Nagappan, Nachiappan and Williams, Laurie and Osborne, Jason and Vouk, Mladen and Abrahamsson, Pekka},
  booktitle={16th IEEE international symposium on software reliability engineering (ISSRE'05)},
  pages={10--pp},
  year={2005},
  organization={IEEE}
}
@article{ref24,
  title={TAFFIES: Tailored Automated Feedback Framework for Developing Integrated and Extensible Feedback Systems},
  author={Pike, Matthew and Lee, Boon Giin and Towey, Dave},
  journal={SN Computer Science},
  volume={3},
  number={2},
  pages={1--8},
  year={2022},
  publisher={Springer}
}
@inproceedings{ref25,
  title={Impacts of adaptive feedback on teaching test-driven development},
  author={Buffardi, Kevin and Edwards, Stephen H},
  booktitle={Proceeding of the 44th ACM technical symposium on Computer science education},
  pages={293--298},
  year={2013}
}
@article{ref26,
  title={Occupant perceptions of building information model-based energy visualizations in eco-feedback systems},
  author={Francisco, Abigail and Truong, Hanh and Khosrowpour, Ardalan and Taylor, John E and Mohammadi, Neda},
  journal={Applied Energy},
  volume={221},
  pages={220--228},
  year={2018},
  publisher={Elsevier}
}
@article{ref27,
  title={Noscapinoids bearing silver nanocrystals augmented drug delivery, cytotoxicity, apoptosis and cellular uptake in B16F1, mouse melanoma skin cancer cells},
  author={Soni, Naina and Jyoti, Kiran and Jain, Upendra Kumar and Katyal, Anju and Chandra, Ramesh and Madan, Jitender},
  journal={Biomedicine \& pharmacotherapy},
  volume={90},
  pages={906--913},
  year={2017},
  publisher={Elsevier}
}
@article{ref28,
  title={An analysis and survey of the development of mutation testing},
  author={Jia, Yue and Harman, Mark},
  journal={IEEE transactions on software engineering},
  volume={37},
  number={5},
  pages={649--678},
  year={2010},
  publisher={IEEE}
}
@article{ref29,
  title={Empirical evaluation of multiobjective optimization algorithms searching for higher order mutants},
  author={Nguyen, Quang Vu and Madeyski, Lech},
  journal={Cybernetics and Systems},
  volume={47},
  number={1-2},
  pages={48--68},
  year={2016},
  publisher={Taylor \& Francis}
}
@article{ref30,
  title={A systematic literature review of how mutation testing supports quality assurance processes},
  author={Zhu, Qianqian and Panichella, Annibale and Zaidman, Andy},
  journal={Software Testing, Verification and Reliability},
  volume={28},
  number={6},
  pages={e1675},
  year={2018},
  publisher={Wiley Online Library}
}
@incollection{ref31,
  title={Problems of mutation testing and higher order mutation testing},
  author={Nguyen, Quang Vu and Madeyski, Lech},
  booktitle={Advanced computational methods for knowledge engineering},
  pages={157--172},
  year={2014},
  publisher={Springer}
}
@article{ref32,
  title={Test-driven development with mutation testing--an experimental study},
  author={Roman, Adam and Mnich, Michal},
  journal={Software Quality Journal},
  volume={29},
  number={1},
  pages={1--38},
  year={2021},
  publisher={Springer}
}

@inproceedings{ref33,
  title={Towards a Unified Metrics Suite for JUnit Test Cases.},
  author={Toure, Fadel and Badri, Mourad and Lamontagne, Luc},
  booktitle={SEKE},
  pages={115--120},
  year={2014}
}
@article{ref34,
  title={Regression test selection techniques: A survey},
  author={Biswas, Swarnendu and Mall, Rajib and Satpathy, Manoranjan and Sukumaran, Srihari},
  journal={Informatica},
  volume={35},
  number={3},
  year={2011}
}
@inproceedings{ref35,
  title={On the efficiency of test suite based program repair: A systematic assessment of 16 automated repair systems for java programs},
  author={Liu, Kui and Wang, Shangwen and Koyuncu, Anil and Kim, Kisub and Bissyand{\'e}, Tegawend{\'e} F and Kim, Dongsun and Wu, Peng and Klein, Jacques and Mao, Xiaoguang and Traon, Yves Le},
  booktitle={Proceedings of the ACM/IEEE 42nd International Conference on Software Engineering},
  pages={615--627},
  year={2020}
}
@article{ref36,
  title={An experimental investigation into data flow annotated-activity diagram-based testing},
  author={Jaffari, Aman and Yoo, Cheol-Jung},
  journal={Journal of Computing Science and Engineering},
  volume={13},
  number={3},
  pages={107--123},
  year={2019}
}
@article{ref37,
  title={A critical review of five machine learning-based algorithms for predicting protein stability changes upon mutation},
  author={Fang, Jianwen},
  journal={Briefings in bioinformatics},
  volume={21},
  number={4},
  pages={1285--1292},
  year={2020},
  publisher={Oxford University Press}
}
@incollection{ref38,
  title={Mutation testing advances: an analysis and survey},
  author={Papadakis, Mike and Kintis, Marinos and Zhang, Jie and Jia, Yue and Le Traon, Yves and Harman, Mark},
  booktitle={Advances in Computers},
  volume={112},
  pages={275--378},
  year={2019},
  publisher={Elsevier}
}
@inproceedings{ref39,
  title={An Evolutionary Mutation Testing System for Java Programs: eMuJava},
  author={Bashir, Muhammad Bilal and Nadeem, Aamer},
  booktitle={Intelligent Computing-Proceedings of the Computing Conference},
  pages={847--865},
  year={2019},
  organization={Springer}
}
@inproceedings{ref40,
  title={$\{$MUZZ$\}$: Thread-aware grey-box fuzzing for effective bug hunting in multithreaded programs},
  author={Chen, Hongxu and Guo, Shengjian and Xue, Yinxing and Sui, Yulei and Zhang, Cen and Li, Yuekang and Wang, Haijun and Liu, Yang},
  booktitle={29th USENIX Security Symposium (USENIX Security 20)},
  pages={2325--2342},
  year={2020}
}
@article{ref41,
  title={A systematic literature review of techniques and metrics to reduce the cost of mutation testing},
  author={Pizzoleto, Alessandro Viola and Ferrari, Fabiano Cutigi and Offutt, Jeff and Fernandes, Leo and Ribeiro, M{\'a}rcio},
  journal={Journal of Systems and Software},
  volume={157},
  pages={110388},
  year={2019},
  publisher={Elsevier}
}
@inproceedings{ref42,
  title={Model-driven Development of Evolving Secure Software Systems.},
  author={Peldszus, Sven},
  booktitle={Software Engineering (Workshops)},
  year={2020}
}
@article{ref43,
  title={A study on the quality mindedness of students},
  author={Dick, Steffen and Schulz, Stefan and Bockisch, Christoph},
  journal={Software Engineering im Unterricht der Hochschulen (SEUH 2022)},
  year={2022},
  publisher={Gesellschaft f{\"u}r Informatik, Bonn}
}
@article{ref44,
  title={A survey of evidence for test-driven development in academia},
  author={Desai, Chetan and Janzen, David and Savage, Kyle},
  journal={ACM SIGCSE Bulletin},
  volume={40},
  number={2},
  pages={97--101},
  year={2008},
  publisher={ACM New York, NY, USA}
}
@inproceedings{ref45,
  title={Rethinking computer science education from a test-first perspective},
  author={Edwards, Stephen H},
  booktitle={Companion of the 18th annual ACM SIGPLAN conference on Object-oriented programming, systems, languages, and applications},
  pages={148--155},
  year={2003}
}
@inproceedings{ref46,
  title={Using software testing to move students from trial-and-error to reflection-in-action},
  author={Edwards, Stephen H},
  booktitle={Proceedings of the 35th SIGCSE technical symposium on Computer science education},
  pages={26--30},
  year={2004}
}
@inproceedings{ref47,
  title={Prof. CI: Employing continuous integration services and Github workflows to teach test-driven development},
  author={Matthies, Christoph and Treffer, Arian and Uflacker, Matthias},
  booktitle={2017 IEEE Frontiers in Education Conference (FIE)},
  pages={1--8},
  year={2017},
  organization={IEEE}
}
@inproceedings{ref48,
  title={Towards a Unified Metrics Suite for JUnit Test Cases.},
  author={Toure, Fadel and Badri, Mourad and Lamontagne, Luc},
  booktitle={SEKE},
  pages={115--120},
  year={2014}
}
@article{ref49,
  title={Regression test selection techniques: A survey},
  author={Biswas, Swarnendu and Mall, Rajib and Satpathy, Manoranjan and Sukumaran, Srihari},
  journal={Informatica},
  volume={35},
  number={3},
  year={2011}
}
@inproceedings{ref50,
  title={On the efficiency of test suite based program repair: A systematic assessment of 16 automated repair systems for java programs},
  author={Liu, Kui and Wang, Shangwen and Koyuncu, Anil and Kim, Kisub and Bissyand{\'e}, Tegawend{\'e} F and Kim, Dongsun and Wu, Peng and Klein, Jacques and Mao, Xiaoguang and Traon, Yves Le},
  booktitle={Proceedings of the ACM/IEEE 42nd International Conference on Software Engineering},
  pages={615--627},
  year={2020}
}
@article{ref51,
  title={An experimental investigation into data flow annotated-activity diagram-based testing},
  author={Jaffari, Aman and Yoo, Cheol-Jung},
  journal={Journal of Computing Science and Engineering},
  volume={13},
  number={3},
  pages={107--123},
  year={2019}
}
@article{ref52,
  title={A critical review of five machine learning-based algorithms for predicting protein stability changes upon mutation},
  author={Fang, Jianwen},
  journal={Briefings in bioinformatics},
  volume={21},
  number={4},
  pages={1285--1292},
  year={2020},
  publisher={Oxford University Press}
}
@article{ref53,
  title={The power of feedback},
  author={Hattie, John and Timperley, Helen},
  journal={Review of educational research},
  volume={77},
  number={1},
  pages={81--112},
  year={2007},
  publisher={Sage Publications Sage CA: Thousand Oaks, CA}
}
@article{ref54,
  title={Focus on formative feedback},
  author={Shute, Valerie J},
  journal={Review of educational research},
  volume={78},
  number={1},
  pages={153--189},
  year={2008},
  publisher={Sage Publications}
}
@inproceedings{ref55,
  title={OpenEssayist: a supply and demand learning analytics tool for drafting academic essays},
  author={Whitelock, Denise and Twiner, Alison and Richardson, John TE and Field, Debora and Pulman, Stephen},
  booktitle={Proceedings of the fifth international conference on learning analytics and knowledge},
  pages={208--212},
  year={2015}
}
@article{ref56,
  title={Automatic hint generation for logic proof tutoring using historical data},
  author={Barnes, Tiffany and Stamper, John},
  journal={Journal of Educational Technology \& Society},
  volume={13},
  number={1},
  pages={3--12},
  year={2010},
  publisher={JSTOR}
}
@article{ref57,
  title={Advice for action with automatic feedback systems},
  author={Whitelock, Denise},
  journal={Software Data Engineering for Network eLearning Environments},
  pages={139--160},
  year={2018},
  publisher={Springer}
}
 
@article{ref58,
  title={Plagiarism detection services for formative feedback and assessment: Example of Turnitin},
  author={{\"O}zbek, Ela Akg{\"u}n},
  journal={Journal of Educational and Instructional Studies in the World},
  volume={6},
  number={3},
  pages={64--72},
  year={2016}
}
@article{ref59,
  title={Formative computer-based feedback in the university classroom: Specific concept maps scaffold students' writing},
  author={Lachner, Andreas and Burkhart, Christian and N{\"u}ckles, Matthias},
  journal={Computers in Human Behavior},
  volume={72},
  pages={459--469},
  year={2017},
  publisher={Elsevier}
}
@inproceedings{ref60,
  title={Automated scoring: Beyond natural language processing},
  author={Madnani, Nitin and Cahill, Aoife},
  booktitle={Proceedings of the 27th International Conference on Computational Linguistics},
  pages={1099--1109},
  year={2018}
}
@article{ref61,
  title={Effective compiler error message enhancement for novice programming students},
  author={Becker, Brett A and Glanville, Graham and Iwashima, Ricardo and McDonnell, Claire and Goslin, Kyle and Mooney, Catherine},
  journal={Computer Science Education},
  volume={26},
  number={2-3},
  pages={148--175},
  year={2016},
  publisher={Taylor \& Francis}
}
@inproceedings{ref62,
  title={The effects of enhanced compiler error messages on a syntax error debugging test},
  author={Becker, Brett A and Goslin, Kyle and Glanville, Graham},
  booktitle={Proceedings of the 49th ACM Technical Symposium on Computer Science Education},
  pages={640--645},
  year={2018}
}
@inproceedings{ref63,
  title={CodeWorkout: short programming exercises with built-in data collection},
  author={Edwards, Stephen H and Murali, Krishnan Panamalai},
  booktitle={Proceedings of the 2017 ACM conference on innovation and technology in computer science education},
  pages={188--193},
  year={2017}
}